@incollection{finally-tagless,
  author =       {Jacques Carette and Oleg Kiselyov and Chung-chieh Shan},
  booktitle =    {Programming Languages and Systems},
  doi =          {10.1007/978-3-540-76637-7_15},
  pages =        {222--238},
  publisher =    {Springer Berlin Heidelberg},
  title =        {Finally Tagless, Partially Evaluated},
  url =          {https://doi.org/10.1007/978-3-540-76637-7_15},
}

@article{pandoc,
  author =       {MacFarlane, John},
  title =        {Pandoc: a universal document converter},
  journal =      {URL: http://pandoc.org},
  year =         2018,
}

@misc{hsxml,
  author =       {Kiselyov, Oleg},
  title =        {HSXML: Typed SXML},
  year =         2014,
}

@article{expression-problem,
  author =       {Wadler, Philip},
  title =        {The expression problem},
  journal =      {Java-genericity mailing list},
  year =         1998,
}

@incollection{finally-tagless-tut,
  author =       {Oleg Kiselyov},
  booktitle =    {Lecture Notes in Computer Science},
  doi =          {10.1007/978-3-642-32202-0_3},
  pages =        {130--174},
  publisher =    {Springer Berlin Heidelberg},
  title =        {Typed Tagless Final Interpreters},
  url =          {https://doi.org/10.1007/978-3-642-32202-0_3},
  year =         2012,
}

@article{data-types-a-la-carte,
  author =       {Swierstra, Wouter},
  title =        {Data types {\`a} la carte},
  journal =      {Journal of functional programming},
  volume =       18,
  number =       4,
  pages =        {423--436},
  year =         2008,
  publisher =    {Cambridge University Press},
}

